% This is annote.bib
% Author: Ayman Ammoura
% A demo for CMPUT 603 Fall 2002.
% The order of the following entries is irrelevant. They will be sorted according to the
% bibliography style used.
%GUIDE---------------------------------      



 
%END GUIDE ------------------------------------
%
%

%Begin annot -----------------------

 @misc{portRegisters,
       author = {{Arduino LLC.}},
       title = "Port Registers",
       month = "7. november",
       year = "2016",
       url = "https://www.arduino.cc/en/Reference/PortManipulation",
       annote = "Kildekritik: Denne hjemmeside er lavet af firmaet der står bag arduinoen, hvilket vi derfor anser som værende en pålidelig kilde."
 },

 @misc{temp,
       author = {{Carl R. (Rod) Nave - Georgia State University
}},
       title = "Lydens hastighed - Hyperphysics",
       month = "14. november",
       year = "2016",
       url = "http://hyperphysics.phy-astr.gsu.edu/hbase/Sound/souspe3.html",
       annote = "Kildekritik: Denne hjemmeside er en meget benyttet kilde for fysik-koncepter og er lavet af Georgia State University, som vi vurderer har ingen interesse i at give misinformation om fysik."
 },

  @misc{arduinoLCD,
       author = "{Arduino LLC.}",
       title = ""Hello World!"",
       month = "21. november",
       year = "2016",
       url = "https://www.arduino.cc/en/Tutorial/HelloWorld",
       annote = "Kildekritik: Denne hjemme er lavet af firmaet bag arduinoen og vi vurderer at de derfor har interesse til at kommunikere hvad arduinoen er i stand til korrekt til hobbyister og andre Arduino brugere."
 },
%%