@online{WikiGaussCanon,
       author = {{Wikipedia}},
       title = {Gausskanon},
       urldate = {2017-03-27},
       url = {https://da.wikipedia.org/wiki/Gausskanon}
 }, 
 @online{HighEffectExample,
       author = {{Mehdi Sadaghdar}},
       title = {Gausskanon},
       urldate = {2017-03-27},
       url = {https://youtu.be/mdZo_keUoEs},
       addendum = {Effekt estimering baseret ud fra de givet værdier ud fra el-diagrammet på 2:31}
 },

 @online{gaussRifleModel,
       author = {{Don Pettibone}},
       title = {Re: How do I calculate the velocity of a projectile exiting an solenoid?},
       urldate = {2017-03-27},
       url = {http://www.madsci.org/posts/archives/1998-08/897010420.Ph.r.html}
 },
 @BOOK{Orbit2009,
  title = {ORBIT A htx},
  publisher = {Systime},
  year = {1930},
  author = {Per Holck and Jens Kraaer and Birgitte Merci Lund},
  address = {Skt. Pauls Gade 25, Århus, Danmark},
  addendum = {Sider benyttet: 129}
}    
 @online{kompMOSFET,
       author = {{Fairchild Semiconductor Corporation}},
       title = {12A, 100V, 0.200 Ohm, Logic Level, N-Channel Power MOSFET},
       urldate = {2017-04-02},
       url = {https://people.ece.cornell.edu/land/courses/ece4760/FinalProjects/s2012/tcj26_ecs227/tcj26_ecs227/F12N10L.pdf},
 },
  @online{kompstepmotor,
       author = {{RS Components}},
       title = {Hybrid stepper motors},
       urldate = {2017-04-28},
       url = {http://docs-europe.electrocomponents.com/webdocs/12bb/0900766b812bb588.pdf},
 },
  @online{komphbridge,
       author = {{Wikipedia}},
       title = {L293D - Texas Instruments},
       urldate = {2017-04-24},
       url = {http://www.ti.com/lit/ds/symlink/l293.pdf},
 },
  @online{teorihbridge,
       author = {{Texas Instruments}},
       title = {H bridge},
       urldate = {2017-04-24},
       url = {https://en.wikipedia.org/wiki/H_bridge},
 },
   @online{steppercode:stepbystep,
       author = {Tom Igoe - Arduino},
       title = {One step at a time},
       urldate = {2017-04-28},
       url = {https://www.arduino.cc/en/Tutorial/StepperOneStepAtATime},
 },
   @online{peakdetectorCalc,
       author = {Microchip},
       title = {Peakdetector OPAMP rectifier},
       urldate = {2017-04-28},
       url = {http://ww1.microchip.com/downloads/en/AppNotes/01353A.pdf},
       addendum = {Relevante sider: 8 og 9}
 },
   @online{arduinoLCD,
       author = {{Arduino LLC.}},
       title = {"Hello World!"},
       urldate = {2016-11-22},
       url = {https://www.arduino.cc/en/Tutorial/HelloWorld},
       addendum = {Kildekritik: Denne hjemmeside er lavet af firmaet bag arduinoen og vi vurderer at de derfor har interesse til at kommunikere hvad arduinoen er i stand til korrekt til hobbyister og andre Arduino brugere.}
 },
   @online{arduinoAnalog,
       author = {{Arduino LLC.}},
       title = {Analog input},
       urldate = {2017-05-01},
       url = {https://www.arduino.cc/en/Tutorial/AnalogInput},
       addendum = {Kildekritik: Denne hjemmeside er lavet af firmaet bag arduinoen og vi vurderer at de derfor har interesse til at kommunikere hvad arduinoen er i stand til korrekt til hobbyister og andre Arduino brugere.}
 },

   @online{kompIRafsender,
       author = {{Kingbright}},
       title = {T-1 (3mm) INFRARED EMITTING DIODE},
       urldate = {2017-05-01},
       url = {http://www.mouser.com/ds/2/216/L-34F3BT(Ver.14A)-795135.pdf}
 },
    @online{kompIRmodtager,
       author = {{RS Components}},
       title = {Silicon PIN Photodiode with Daylight Filter},
       urldate = {2017-05-01},
       url = {http://dk.rs-online.com/web/p/fotodioder/6547921/}
 },
    @online{kompPhoto,
       author = {{Centronic LTD}},
       title = {SERIES BPW 21},
       urldate = {2017-05-07},
       url = {http://ticsante.u-strasbg.fr/lib/exe/fetch.php?media=0900766b800a603b.pdf}
 },


 @online{komp555,
       author = {{Texas Instruments}},
       title = {{xx555 Precision Timers}},
       urldate = {2017-05-08},
       url = {http://www.ti.com/lit/gpn/ne555}
 },

 @online{kompInverter,
       author = {{Nexperia}},
       title = {{HEF4001B}},
       urldate = {2017-05-08},
       url = {http://assets.nexperia.com/documents/data-sheet/HEF4001B.pdf}
 },

 

  @online{555timer50percent,
       author = {{Electronics Tutorials}},
       title = {{555 Timer Tutorial}},
       urldate = {2017-05-08},
       url = {http://www.electronics-tutorials.ws/waveforms/555_timer.html}
 },
 @online{price:MCP601,
    author = {{Microchip}},
    title = {"MCP601"},
    urldate = {2017-01-18},
    url = {http://www.microchip.com/wwwproducts/en/MCP601},
    addendum = {Kildekritik: ***}
},
@online{price:resistor,
    author = {{AliExpress}},
    title = {"10k resistor"},
    urldate = {2017-01-18},
    url = {https://www.aliexpress.com/price/10k-resistor_price.html},
    addendum = {Kildekritik: digikey er en stor forhandler af elektroniske varer som gerne vil sælge så meget som muligt. Derfor kan der være mulighed for at prisen ikke inkludere moms og fragt. Udover dette antages det at alle modstande koster det samme.}
},

@online{price:capacitor,
    author = {{RS components}},
    title = {"Panasonic 10nF Polyester Capacitor PET 250 V dc ±5\% ECQE(F) Series Through Hole"},
    urldate = {2017-05-13},
    url = {http://uk.rs-online.com/web/p/polyester-film-capacitors/6224634/?searchTerm=622-4634&relevancy-data=636F3D3126696E3D4931384E525353746F636B4E756D6265724D504E266C753D656E266D6D3D6D61746368616C6C26706D3D5E283F69292852537C5253207C52532D293F5C647B337D285C73293F5B5C732D2F255C2E2C5D285C73293F5C647B332C347D2426706F3D313426736E3D592673743D52535F53544F434B5F4E554D4245522677633D4E4F4E45267573743D3632322D34363334267374613D3632323436333426},
    addendum = {Kildekritik: Sandsynligvis er denne pris ikke inkluderet moms og fragt. Da RS components er en forhandler af elektroniske varer.}
},
HEF4001BT,652
@online{price:HEF4001,
    author = {{Arrow}},
    title = {{HEF4001BT,652}},
    urldate = {2017-05-13},
    url = {https://www.arrow.com/en/products/hef4001bt652/nexperia},
    addendum = {Kildekritik: ***}
},
https://www.verical.com/pd/vishay-photodiode-BPW21R-234268?utm_source=FindChips&utm_medium=invListing&utm_campaign=FC2015
@online{price:BPW21,
    author = {{Verical}},
    title = {{BPW21R}},
    urldate = {2017-05-13},
    url = {https://www.verical.com/pd/vishay-photodiode-BPW21R-234268?utm_source=FindChips&utm_medium=invListing&utm_campaign=FC2015},
    addendum = {Kildekritik: ***}
},
@online{price:PCB,
    author = {{multi-cb}},
    title = {"PCB price calculator"},
    urldate = {2017-05-9},
    url = {https://portal.multi-circuit-boards.eu/Customer/Index/1990438},
    addendum = {Kildekritik: Det er en estimering lavet af firmaet multi-cp så det er meget muligt at den estimerings-program de har benyttet er partisk i forhold til deres kommercielle interesser.}
},
@online{price:stepper,
    author = {{RS Components}},
    title = {{RS Pro Hybrid Stepper Motor 1.8°, 260mNm, 5 V dc, 1 A, 8 Wires}},
    urldate = {2017-05-13},
    url = {http://uk.rs-online.com/web/p/stepper-motors/1918328/},
    addendum = {Kildekritik: ***}
},
@online{price:dcmotor,
    author = {{LEGO System A/S}},
    title = {{LEGO® Power Functions XL-Motor}},
    urldate = {2017-05-13},
    url = {https://shop.lego.com/en-DK/LEGO-Power-Functions-XL-Motor-8882},
    addendum = {Kildekritik: ***}
},
@online{price:arduino,
    author = {{RS Components}},
    title = {{Genuino Uno Rev3}},
    urldate = {2017-05-13},
    url = {http://uk.rs-online.com/web/p/processor-microcontroller-development-kits/1240656/},
    addendum = {Kildekritik: ***}
},
@online{price:atmega,
    author = {{Microchip}},
    title = {{ATmega328}},
    urldate = {2017-05-13},
    url = {http://www.microchip.com/wwwproducts/en/ATmega328},
    addendum = {Kildekritik: ***}
},
@online{price:legoBird,
    author = {{LEGO System A/S}},
    title = {{75826 King Pig’s Castle}},
    urldate = {2017-05-13},
    url = {https://www.lego.com/en-us/angrybirdsmovie/products/king-pig-castle-75826},
    addendum = {Kildekritik: ***}
},
 @online{kompRGBLED,
       author = {{CHINA YOUNG SUN LED TECHNOLOGY CO., LTD.}},
       title = {{RED/GREEN/BLUE Triple Color LED white diffused lens (Common Cathode) - YSL-R596CR3G4B5W-F12}},
       urldate = {2017-05-12},
       url = {https://www.sparkfun.com/datasheets/Components/LED/YSL-R596CR4G3B5W-F12.pdf}
 },
 @online{kompOPAMP,
       author = {{Microchip Technology Inc.}},
       title = {{2.7V to 6.0V Single Supply CMOS Op Amps - MCP601/1R/2/3/4}},
       urldate = {2017-05-12},
       url = {http://ww1.microchip.com/downloads/en/DeviceDoc/21314g.pdf}
 },